<?xml version="1.0" encoding="UTF-8"?><collection xmlns="http://www.loc.gov/MARC21/slim"><record><leader>00605nam--2200181-i-4500</leader><controlfield tag="001">000009359</controlfield><controlfield tag="002">20161230</controlfield><controlfield tag="005">20161230201028</controlfield><controlfield tag="008">060222s1000------------r-----000-0-eng-d</controlfield><datafield ind1=" " ind2=" " tag="040"><subfield code="a">IFIN-HH</subfield></datafield><datafield ind1=" " ind2=" " tag="080"><subfield code="a">621.039:341.16(083)</subfield></datafield><datafield ind1="1" ind2=" " tag="110"><subfield code="a">International Atomic Energy Agency</subfield></datafield><datafield ind1="1" ind2="0" tag="245"><subfield code="a">Insurance for nuclear installations</subfield><subfield code="b">Reports and documents resulting from a panel of experts convened by iaea in vienna, 24-28 november 1969</subfield></datafield><datafield ind1=" " ind2=" " tag="260"><subfield code="a">Vienna</subfield><subfield code="b">International Atomic Energy Agency</subfield><subfield code="c">1970</subfield></datafield><datafield ind1=" " ind2=" " tag="300"><subfield code="a">180 P</subfield></datafield><datafield ind1=" " ind2=" " tag="490"><subfield code="a">Legal Series</subfield><subfield code="v">No. 6</subfield></datafield><datafield ind1=" " ind2=" " tag="852"><subfield code="a">24340</subfield><subfield code="c">H.H</subfield></datafield><datafield ind1=" " ind2=" " tag="CAT"><subfield code="a">Sys</subfield><subfield code="c">20130328</subfield><subfield code="h">172807</subfield></datafield></record></collection>